@article{callejas2004three,
  title={The three attentional networks: On their independence and interactions},
  author={Callejas, Alicia and Lupi{\'a}nez, Juan and Tudela, P{\i}o},
  journal={Brain and cognition},
  volume={54},
  number={3},
  pages={225--227},
  year={2004},
  publisher={Elsevier}
}

@article{eriksen1974effects,
	title={Effects of noise letters upon the identification of a target letter in a nonsearch task},
	author={Eriksen, Barbara A and Eriksen, Charles W},
	journal={Perception \& psychophysics},
	volume={16},
	number={1},
	pages={143--149},
	year={1974},
	publisher={Springer}
}

@article{fan2002testing,
	title={Testing the efficiency and independence of attentional networks},
	author={Fan, Jin and McCandliss, Bruce D and Sommer, Tobias and Raz, Amir and Posner, Michael I},
	journal={Journal of cognitive neuroscience},
	volume={14},
	number={3},
	pages={340--347},
	year={2002},
	publisher={MIT Press}
}

@article{stroop1935studies,
	title={Studies of interference in serial verbal reactions.},
	author={Stroop, J Ridley},
	journal={Journal of experimental psychology},
	volume={18},
	number={6},
	pages={643},
	year={1935},
	publisher={Psychological Review Company}
}

@article{weinbach2012relationship,
	title={The relationship between alertness and executive control.},
	author={Weinbach, Noam and Henik, Avishai},
	journal={Journal of Experimental Psychology: Human Perception and Performance},
	volume={38},
	number={6},
	pages={1530},
	year={2012},
	publisher={American Psychological Association}
}
